@article{VLDBJ17:geo-social-group-queries,
    author = {Zhu, Qijun
              and Hu, Haibo
              and Xu, Cheng
              and Xu, Jianliang
              and Lee, Wang-Chien},
    author+an = {3=highlight},
    title = {Geo-social group queries with minimum acquaintance constraints},
    journal = {The VLDB Journal (\textbf{VLDBJ})},
    year = {2017},
    month = {7},
    day = {19},
    volume = {26},
    number = {5},
    pages = {709--727},
    doi = {10.1007/s00778-017-0473-6},
    addendum = {Full Paper},
}

@article{TKDE18:auth-aggregate-queries,
    author = {Xu, Cheng
              and Chen, Qian
              and Hu, Haibo
              and Xu, Jianliang
              and Hei, Xiaojun},
    author+an = {1=highlight},
    title = {Authenticating Aggregate Queries over Set-Valued Data with Confidentiality},
    journal = {IEEE Transactions on Knowledge and Data Engineering (\textbf{TKDE})},
    year = {2018},
    month = {4},
    day = {1},
    volume = {30},
    number = {4},
    pages = {630--644},
    doi = {10.1109/TKDE.2017.2773541},
    addendum = {Full Paper},
}

@inproceedings{WTSC18:auth-smart-contracts,
    author = {Tang, Yuzhe
              and Xing, Zihao
              and Xu, Cheng
              and Chen, Ju
              and Xu, Jianliang},
    author+an = {3=highlight},
    title = {Lightweight Logging over the Blockchain for Data-Intensive Applications},
    booktitle = {2nd Workshop on Trusted Smart Contracts at International Conference on Financial Cryptography and Data Security},
    year = {2018},
    month = {3},
    address = {Santa Barbara Beach Resort, Cura√ßao},
    pages = {308--324},
    doi = {10.1007/978-3-662-58820-8_21},
    addendum = {Workshop Paper},
}

@inproceedings{ICDE18:auth-aggregate-queries,
    author = {Xu, Cheng
              and Chen, Qian
              and Hu, Haibo
              and Xu, Jianliang
              and Hei, Xiaojun},
    author+an = {1=highlight},
    title = {Authenticating Aggregate Queries over Set-Valued Data with Confidentiality (Extended Abstract)},
    booktitle = {Proceedings of the 34th IEEE International Conference on Data Engineering (\textbf{ICDE '18})},
    year = {2018},
    month = {4},
    address = {Paris, France},
    pages = {1797--1798},
    doi = {10.1109/ICDE.2018.00256},
    addendum = {Poster Paper},
}

@inproceedings{SIGMOD18:auth-access-control,
    author = {Xu, Cheng
              and Xu, Jianliang
              and Hu, Haibo
              and Au, Man Ho},
    author+an = {1=highlight},
    title = {When Query Authentication Meets Fine-Grained Access Control: A Zero-Knowledge Approach},
    booktitle = {Proceedings of the 2018 ACM SIGMOD International Conference on Management of Data (\textbf{SIGMOD '18})},
    year = {2018},
    month = {6},
    address = {Houston, TX, USA},
    pages = {147--162},
    doi = {10.1145/3183713.3183741},
    addendum = {Full Paper},
}

@inproceedings{MDM18:auth-distributed-kNN,
    author = {Zhang, Ce
              and Xu, Cheng
              and Xu, Jianliang
              and Choi, Byron},
    author+an = {2=highlight},
    title = {Distributed {kNN} Query Authentication},
    booktitle = {Proceedings of the 19th IEEE International Conference on Mobile Data Management (\textbf{MDM '18})},
    year = {2018},
    month = {6},
    address = {Aalborg, Denmark},
    pages = {167--176},
    doi = {10.1109/mdm.2018.00034},
    addendum = {Full Paper},
}

@inproceedings{SIGMOD19:vchain,
    author = {Xu, Cheng
              and Zhang, Ce
              and Xu, Jianliang},
    author+an = {1=highlight},
    title = {{vChain}: Enabling Verifiable Boolean Range Queries over Blockchain Databases},
    booktitle = {Proceedings of the 2019 ACM SIGMOD International Conference on Management of Data (\textbf{SIGMOD '19})},
    year = {2019},
    month = {6},
    address = {Amsterdam, Netherlands},
    doi = {10.1145/3299869.3300083},
    addendum = {Full Paper},
}

@inproceedings{ICDE19:vabs,
    author = {Ji, Yang
              and Xu, Cheng
              and Xu, Jianliang
              and Hu, Haibo},
    author+an = {2=highlight},
    title = {{vABS}: Towards Verifiable Attribute-Based Search over Shared Cloud Data},
    booktitle = {Proceedings of the 35th IEEE International Conference on Data Engineering (\textbf{ICDE '19})},
    year = {2019},
    month = {4},
    address = {Macau SAR, China},
    addendum = {Demo Paper},
}

@inproceedings{ICDE19:imageproof,
    author = {Guo, Shangwei
              and Xu, Jianliang
              and Zhang, Ce
              and Xu, Cheng
              and Xiang, Tao},
    author+an = {4=highlight},
    title = {{ImageProof}: Enabling Authentication for Large-Scale Image Retrieval},
    booktitle = {Proceedings of the 35th IEEE International Conference on Data Engineering (\textbf{ICDE '19})},
    year = {2019},
    month = {4},
    address = {Macau SAR, China},
    addendum = {Full Paper},
}

@inproceedings{ICDE19:gem2-tree,
    author = {Zhang, Ce
              and Xu, Cheng
              and Xu, Jianliang
              and Tang, Yuzhe
              and Choi, Byron},
    author+an = {2=highlight},
    title = {{GEM$^2$-Tree}: A Gas-Efficient Structure for Authenticated Range Queries in Blockchain},
    booktitle = {Proceedings of the 35th IEEE International Conference on Data Engineering (\textbf{ICDE '19})},
    year = {2019},
    month = {4},
    address = {Macau SAR, China},
    addendum = {Full Paper},
}

