@inproceedings{10.1007/0-387-34805-0_21,
  title = {A Certified Digital Signature},
  booktitle = {Advances in Cryptology {\textemdash} {CRYPTO}' 89 Proceedings},
  author = {Merkle, Ralph C.},
  year = {1989},
  pages = {218--238},
  doi = {10.1007/0-387-34805-0_21},
}
